% cb2Bib 2.0.1
@article{Boyd80,
  title   = {{Equatorial Solitary Waves}},
  author  = {John. Philip Boyd},
  journal = {Journal of physical Oceanography},
  volume  = {10},
  number  = {I},
  year    = {1980}
}
@article{Boyd2002,
  title   = {{Equatorial Solitary Waves}},
  author  = {John. Philip Boyd},
  journal = {Journal of physical Oceanography},
  volume  = {10},
  number  = {V},
  year    = {2002}
}

@article{CF,
  title   = {{Numerical simulation of Rossby wave in shallow water}},
  author  = {Wen-Yih Sun, Oliver M. Sun},
  journal = {Elsevier Ltd},
  year    = {2013}
}


@book{Holton,
  title   = {{The dynamic meteorology of the stratosphere and mesosphere}},
  author  = {James. R. Holton},
  journal = {Meteorological Monographs},
  volume  = {15},
  number  = {37},
  year    = {1975}
}

@book{water,
  title   = {{Numerical Methods for Shallow-Water Flow}},
  author  = {C. B. VREUGDENHIL},
  journal = {Water Science and Technology Library, Springer Science},
  volume  = {13},
  number  = {37},
  year    = {1975},
  doi     = {10.1007/978-94-015-8354-1}
}



